@article{article1,
	author={滝口 清昭 and 遠山 茂樹},
	yomi =		"Kiyoaki, Takiguchi and Shigeki, Toyama",
	title =		"犬は主人を電界で見分ける?ー歩行による人体の電界発生とその伝搬",
	journal =	"国際生命情報",
	volume =	21,
	number =	2,
	pages =		"428--441",
	year =		2003
}
@incollection{matsumoto2016unlimited,
  title={Unlimited corridor: redirected walking techniques using visuo haptic interaction},
  author={Matsumoto, Keigo and Ban, Yuki and Narumi, Takuji and Yanase, Yohei and Tanikawa, Tomohiro and Hirose, Michitaka},
  booktitle={ACM SIGGRAPH 2016 Emerging Technologies},
  pages={1--2},
  year={2016}
}
@book{book1,
	author = "Gary R. VandenBos",
	title = "『APA心理学大辞典』",
	publisher = "培風館",
	year = "2013年9月",
	note = "繁桝算男, 四本裕子 訳" 
}
@webpage{haptics,
	author = "bHaptics.inc",
	title = "bHaptics - Tactsuit, full body haptic suit for VR",
	howpublished = "\url{https://www.bhaptics.com/}",
	note = {(accessed 2020-11-24)}
}
@webpage{kanakouPage,
	author = "Kanagawa Institute of Technology.",
	title = "神奈川工科大学ホームページ",
	howpublished = "\url{https://www.kait.jp/}",
	note = {(参照日 2020-11-24)}
}